@ARTICLE{bowman:reasoning,
	AUTHOR = "Mic Bowman and Saumya K. Debray and Larry L. Peterson",
	TITLE = "Reasoning About Naming Systems",
	JOURNAL = "ACM Trans. Program. Lang. Syst.",
	VOLUME = {15},
	NUMBER = {5},
	PAGES = {795-825},
	MONTH = "November",
	YEAR = {1993}	}

@ARTICLE{braams:babel,
	AUTHOR = "Johannes Braams",
	TITLE = "Babel, a Multilingual Style-Option System for Use with LaTeX's Standard Document Styles",
	JOURNAL = {TUGboat},
	VOLUME = {12},
	NUMBER = {2},
	PAGES = {291-301},
	MONTH = "June",
	YEAR = {1991}	}

@INPROCEEDINGS{clark:pct,
	AUTHOR = "Malcolm Clark",
	TITLE = "Post Congress Tristesse",
	BOOKTITLE = "TeX90 Conference Proceedings",
	PAGES = "84-89",
	ORGANIZATION = "TeX Users Group",
	MONTH = "March", 
	YEAR = {1991}	}

@ARTICLE{herlihy:methodology,
	AUTHOR = "Maurice Herlihy",
	TITLE = "A Methodology for Implementing Highly Concurrent
	Data Objects",
	JOURNAL = {ACM Trans. Program. Lang. Syst.},
	VOLUME = {15},
	NUMBER = {5},
	PAGES = {745-770},
	MONTH = "November",
	YEAR = {1993}	}

@BOOK{Lamport:LaTeX,
	AUTHOR = "Leslie Lamport",
	TITLE = "LaTeX User's Guide and Document Reference Manual",
	PUBLISHER = "Addison-Wesley Publishing Company",
	ADDRESS = "Reading, Massachusetts",
	YEAR = "1986"	}

@BOOK{salas:calculus,
	AUTHOR = "S.L. Salas and Einar Hille",
	TITLE = "Calculus: One and Several Variable",
	PUBLISHER = "John Wiley and Sons",
	ADDRESS = "New York",
	YEAR = "1978"	}


@article{Wae41,
  author="van der Waerden, Bartel L.",
  title="Die lange {R}eichweite der regelm{\"a}{\ss}igen {A}tomanordnung in {M}ischkristallen",
  journal="Zeitschrift f{\"u}r Physik",
  volume="118",
  number="7",
  pages="473--488",
  year={1941},
  issn="0044-3328",
  doi="10.1007/BF01342928",
  url="http://dx.doi.org/10.1007/BF01342928"
}

@misc{Peres17,
  author = {Yuval Peres},
  year = {2017},
  howpublished = {personal communication}
}

@incollection {torpid,
    AUTHOR = {Borgs, Christian and Chayes, Jennifer T. and Frieze, Alan and
              Kim, Jeong Han and Tetali, Prasad and Vigoda, Eric and Vu, Van
              Ha},
     TITLE = {Torpid mixing of some {M}onte {C}arlo {M}arkov chain
              algorithms in statistical physics},
 BOOKTITLE = {FOCS},
     PAGES = {218--229},
      YEAR = {1999},
   MRCLASS = {68Q25 (82B80)},
  MRNUMBER = {1917562},
       DOI = {10.1109/SFFCS.1999.814594},
       URL = {http://dx.doi.org/10.1109/SFFCS.1999.814594},
}

@article{CGW16,
  author    = {Jin{-}Yi Cai and
               Heng Guo and
               Tyson Williams},
  title     = {A Complete Dichotomy Rises from the Capture of Vanishing Signatures},
  journal   = {{SIAM} J. Comput.},
  volume    = {45},
  number    = {5},
  pages     = {1671--1728},
  year      = {2016},
  url       = {http://dx.doi.org/10.1137/15M1049798},
  doi       = {10.1137/15M1049798},
}

@article{DGHMT16,
  author    = {Hugo Duminil-Copin and Maxime Gagnebin and Matan Harel and Ioan Manolescu and Vincent Tassion},
  title     = {Discontinuity of the phase transition for the planar random-cluster and {P}otts models with $q>4$},
  journal   = {ArXiv,},
  volume    = {\href{http://arxiv.org/abs/1611.09877}{abs/1611.09877}},
  year      = {2016},
  url       = {http://arxiv.org/abs/1611.09877},
}

@article{GL16,
  author    = {Reza Gheissari and Eyal Lubetzky},
  title     = {Mixing times of critical {2D} {P}otts models},
  journal   = {ArXiv,},
  volume    = {\href{http://arxiv.org/abs/1607.02182}{abs/1607.02182}},
  year      = {2016},
  url       = {http://arxiv.org/abs/1607.02182},
}

@ARTICLE{Collevecchio:worm,
   author = {Andrea Collevecchio and Timothy M. Garoni and Timothy Hyndman and Daniel Tokarev},
    title = {The worm process for the {I}sing model is rapidly mixing},
  journal = {J. Stat. Phys.},
     year = {2016},
   volume = {164},
   number = {5},
    pages = {1082--1102},
      doi = {10.1007/s10955-016-1572-2},
}

@article {DS,
    AUTHOR = {Diaconis, Persi and Stroock, Daniel},
     TITLE = {Geometric bounds for eigenvalues of {M}arkov chains},
   JOURNAL = {Ann. Appl. Probab.},
  FJOURNAL = {The Annals of Applied Probability},
    VOLUME = {1},
      YEAR = {1991},
    NUMBER = {1},
     PAGES = {36--61},
      ISSN = {1050-5164},
   MRCLASS = {60J10},
  MRNUMBER = {1097463},
MRREVIEWER = {Gregory F. Lawler},
       URL = {http://links.jstor.org/sici?sici=1050-5164(199102)1:1<36:GBFEOM>2.0.CO;2-E&origin=MSN},
}

@article{Ullrich:Z2,
  author    = {Mario Ullrich},
  title     = {Comparison of {S}wendsen-{W}ang and heat-bath dynamics},
  journal   = {Random Struct. Algorithms},
  volume    = {42},
  number    = {4},
  pages     = {520--535},
  year      = {2013},
  doi       = {http://dx.doi.org/10.1002/rsa.20431},
}

@article{Ullrich:Comparison,
  author    = {Mario Ullrich},
  title     = {Swendsen-{W}ang Is Faster than Single-Bond Dynamics},
  journal   = {{SIAM} J. Discrete Math.},
  volume    = {28},
  number    = {1},
  pages     = {37--48},
  year      = {2014},
  url       = {http://dx.doi.org/10.1137/120864003},
  doi       = {10.1137/120864003},
  timestamp = {Thu, 24 Apr 2014 10:47:16 +0200},
  biburl    = {http://dblp.uni-trier.de/rec/bib/journals/siamdm/Ullrich14},
  bibsource = {dblp computer science bibliography, http://dblp.org}
}

@article{Ullrich:dissertation,
  author    = {Mario Ullrich},
  title     = {Rapid mixing of {S}wendsen-{W}ang dynamics in two dimensions},
  journal   = {Dissertationes Mathematicae}, 
  volume    = {502},
  year      = {2014},
}

@article {Tutte2,
    AUTHOR = {Goldberg, Leslie Ann and Jerrum, Mark},
     TITLE = {The complexity of computing the sign of the {T}utte
              polynomial},
   JOURNAL = {SIAM J. Comput.},
  FJOURNAL = {SIAM Journal on Computing},
    VOLUME = {43},
      YEAR = {2014},
    NUMBER = {6},
     PAGES = {1921--1952},
      ISSN = {0097-5397},
   MRCLASS = {68Q17 (05C30 05C31 68Q25 68R10)},
  MRNUMBER = {3291539},
       DOI = {10.1137/12088330X},
       URL = {http://dx.doi.org/10.1137/12088330X},
}
		
@article {Tutte1,
    AUTHOR = {Goldberg, Leslie Ann and Jerrum, Mark},
     TITLE = {Inapproximability of the {T}utte polynomial},
   JOURNAL = {Inform. and Comput.},
  FJOURNAL = {Information and Computation},
    VOLUME = {206},
      YEAR = {2008},
    NUMBER = {7},
     PAGES = {908--929},
      ISSN = {0890-5401},
   MRCLASS = {05B35},
  MRNUMBER = {2433765},
       DOI = {10.1016/j.ic.2008.04.003},
       URL = {http://dx.doi.org/10.1016/j.ic.2008.04.003},
}
		

@article{JSperm,
  author    = {Mark Jerrum and
               Alistair Sinclair},
  title     = {Approximating the Permanent},
  journal   = {{SIAM} J. Comput.},
  volume    = {18},
  number    = {6},
  pages     = {1149--1178},
  year      = {1989},
  url       = {http://dx.doi.org/10.1137/0218077},
  doi       = {10.1137/0218077},
  timestamp = {Mon, 12 Sep 2011 16:10:07 +0200},
  biburl    = {http://dblp.uni-trier.de/rec/bib/journals/siamcomp/JerrumS89},
  bibsource = {dblp computer science bibliography, http://dblp.org}
}

@book{LPW06,
AUTHOR = {Levin, David A. and Peres, Yuval and Wilmer, Elizabeth L.},
TITLE = {Markov chains and mixing times},
PUBLISHER = {American Mathematical Society},
ADDRESS = {Providence, RI},
YEAR = {2009},
PAGES = {xviii+371},
ISBN = {978-0-8218-4739-8},
}

@book{Jerrum03,
        author = {Jerrum, Mark},
        title  = {Counting, Sampling and Integrating: Algorithms and Complexity},
        Publisher = {Birkh\"auser},
        Year   = {2003},
        Series = {Lectures in Mathematics, ETH Z\"urich}
}

@article {SJ,
    AUTHOR = {Sinclair, Alistair and Jerrum, Mark},
     TITLE = {Approximate counting, uniform generation and rapidly mixing
              {M}arkov chains},
   JOURNAL = {Inform. and Comput.},
  FJOURNAL = {Information and Computation},
    VOLUME = {82},
      YEAR = {1989},
    NUMBER = {1},
     PAGES = {93--133},
      ISSN = {0890-5401},
   MRCLASS = {68Q25 (60J10 68R05 68R10)},
  MRNUMBER = {1003059},
       DOI = {10.1016/0890-5401(89)90067-9},
       URL = {http://dx.doi.org/10.1016/0890-5401(89)90067-9},
}

@article{DS93,
  author = "Diaconis, Persi and Saloff-Coste, Laurent",
  doi = "10.1214/aoap/1177005359",
  fjournal = "The Annals of Applied Probability",
  journal = "Ann. Appl. Probab.",
  month = "08",
  number = "3",
  pages = "696--730",
  publisher = "The Institute of Mathematical Statistics",
  title = "Comparison Theorems for Reversible {M}arkov Chains",
  url = "http://dx.doi.org/10.1214/aoap/1177005359",
  volume = "3",
  year = "1993"
}

@article {comparison,
    AUTHOR = {Dyer, Martin and Goldberg, Leslie Ann and Jerrum, Mark and
              Martin, Russell},
     TITLE = {Markov chain comparison},
   JOURNAL = {Probab. Surv.},
  FJOURNAL = {Probability Surveys},
    VOLUME = {3},
      YEAR = {2006},
     PAGES = {89--111},
      ISSN = {1549-5787},
   MRCLASS = {60J10 (60J27 68W20)},
  MRNUMBER = {2216963},
MRREVIEWER = {Martin V. Hildebrand},
       DOI = {10.1214/154957806000000041},
       URL = {http://dx.doi.org/10.1214/154957806000000041},
}

@article{EdwardsSokal,
    AUTHOR = {Edwards, Robert G. and Sokal, Alan D.},
     TITLE = {Generalization of the {F}ortuin-{K}asteleyn-{S}wendsen-{W}ang
              representation and {M}onte {C}arlo algorithm},
   JOURNAL = {Phys. Rev. D (3)},
  FJOURNAL = {Physical Review. D. Particles and Fields. Third Series},
    VOLUME = {38},
      YEAR = {1988},
    NUMBER = {6},
     PAGES = {2009--2012},
      ISSN = {0556-2821},
     CODEN = {PRVDAQ},
   MRCLASS = {82-04 (81-08 81E25 82-08 82A68)},
  MRNUMBER = {965465},
       DOI = {10.1103/PhysRevD.38.2009},
       URL = {http://dx.doi.org/10.1103/PhysRevD.38.2009},
}

@Article{LS12,
  author="Eyal Lubetzky and Allan Sly",
  title="Critical {I}sing on the Square Lattice Mixes in Polynomial Time",
  journal="Commun. Math. Phys.",
  year="2012",
  volume="313",
  number="3",
  pages="815--836",
}

@article {FortuinKasteleyn,
    AUTHOR = {Fortuin, C. M. and Kasteleyn, P. W.},
     TITLE = {On the random-cluster model. {I}. {I}ntroduction and relation
              to other models},
   JOURNAL = {Physica},
    VOLUME = {57},
      YEAR = {1972},
     PAGES = {536--564},
   MRCLASS = {82.60},
  MRNUMBER = {0359655},
MRREVIEWER = {S. V. Temko},
}

@article{Sin92,
  author    = {Alistair Sinclair},
  title     = {Improved Bounds for Mixing Rates of {M}arkov Chains and Multicommodity
               Flow},
  journal   = {Comb. Probab. Comp.},
  volume    = {1},
  pages     = {351--370},
  year      = {1992},
  url       = {http://dx.doi.org/10.1017/S0963548300000390},
  doi       = {10.1017/S0963548300000390},
  timestamp = {Wed, 05 Jan 2011 09:34:11 +0100},
  biburl    = {http://dblp.uni-trier.de/rec/bib/journals/cpc/Sinclair92},
  bibsource = {dblp computer science bibliography, http://dblp.org}
}

@inproceedings{RW99,
  author    = {Dana Randall and
               David Wilson},
  title     = {Sampling Spin Configurations of an {I}sing System},
  booktitle = {SODA},
  pages     = {959--960},
  year      = {1999},
  crossref  = {DBLP:conf/soda/1999},
  url       = {http://dl.acm.org/citation.cfm?id=314500.314945},
  timestamp = {Mon, 14 Mar 2016 15:38:52 +0100},
  biburl    = {http://dblp.uni-trier.de/rec/bib/conf/soda/RandallW99},
  bibsource = {dblp computer science bibliography, http://dblp.org}
}

@article{PSworm,
  title = {Worm Algorithms for Classical Statistical Models},
  author = {Prokof'ev, Nikolay and Svistunov, Boris},
  journal = {Phys. Rev. Lett.},
  volume = {87},
  issue = {16},
  pages = {160601},
  numpages = {4},
  year = {2001},
  publisher = {American Physical Society},
  doi = {10.1103/PhysRevLett.87.160601},
  url = {http://link.aps.org/doi/10.1103/PhysRevLett.87.160601}
}

@article {GoreJerrum,
    AUTHOR = {Gore, Vivek K. and Jerrum, Mark R.},
     TITLE = {The {S}wendsen-{W}ang process does not always mix rapidly},
   JOURNAL = {J. Stat. Phys.},
  FJOURNAL = {Journal of Statistical Physics},
    VOLUME = {97},
      YEAR = {1999},
    NUMBER = {1-2},
     PAGES = {67--86},
      ISSN = {0022-4715},
     CODEN = {JSTPSB},
   MRCLASS = {82C20 (05C80 82B20 82B80 82C27 82C80)},
  MRNUMBER = {1733467},
MRREVIEWER = {Alan D. Sokal},
       DOI = {10.1023/A:1004610900745},
       URL = {http://dx.doi.org/10.1023/A:1004610900745},
}

@article {GrimmettJanson,
    AUTHOR = {Grimmett, Geoffrey and Janson, Svante},
     TITLE = {Random even graphs},
   JOURNAL = {Electron. J. Combin.},
  FJOURNAL = {Electronic Journal of Combinatorics},
    VOLUME = {16},
      YEAR = {2009},
    NUMBER = {1},
     PAGES = {Research Paper, 46, 19},
      ISSN = {1077-8926},
   MRCLASS = {05C80 (60K35)},
  MRNUMBER = {2491648},
MRREVIEWER = {Dirk Oliver Theis},
       URL = {http://www.combinatorics.org/Volume_16/Abstracts/v16i1r46.html},
}

@article {JSising,
    AUTHOR = {Jerrum, Mark and Sinclair, Alistair},
     TITLE = {Polynomial-time approximation algorithms for the {I}sing
              model},
   JOURNAL = {SIAM J. Comput.},
  FJOURNAL = {SIAM Journal on Computing},
    VOLUME = {22},
      YEAR = {1993},
    NUMBER = {5},
     PAGES = {1087--1116},
      ISSN = {0097-5397},
     CODEN = {SMJCAT},
   MRCLASS = {82B20 (60J10 60K35 82B80)},
  MRNUMBER = {1237164},
       DOI = {10.1137/0222066},
       URL = {http://dx.doi.org/10.1137/0222066},
}

@article {BollobasGrimmettJanson,
    AUTHOR = {Bollob{\'a}s, Bel{\'a} and Grimmett, Geoffrey and Janson, Svante},
     TITLE = {The random-cluster model on the complete graph},
   JOURNAL = {Probab. Theory Related Fields},
  FJOURNAL = {Probability Theory and Related Fields},
    VOLUME = {104},
      YEAR = {1996},
    NUMBER = {3},
     PAGES = {283--317},
      ISSN = {0178-8051},
     CODEN = {PTRFEU},
   MRCLASS = {05C80 (60K35 82B20)},
  MRNUMBER = {1376340},
MRREVIEWER = {Wei-Shih Yang},
       DOI = {10.1007/BF01213683},
       URL = {http://dx.doi.org/10.1007/BF01213683},
}

@article {GoldbergJerrum:Potts,
    AUTHOR = {Goldberg, Leslie Ann and Jerrum, Mark},
     TITLE = {Approximating the partition function of the ferromagnetic
              {P}otts model},
   JOURNAL = {J. ACM},
  FJOURNAL = {Journal of the ACM},
    VOLUME = {59},
      YEAR = {2012},
    NUMBER = {5},
     PAGES = {Art. 25, 31},
      ISSN = {0004-5411},
   MRCLASS = {82B20 (05C31 05C65 68Q17)},
  MRNUMBER = {2995824},
       DOI = {10.1145/2371656.2371660},
       URL = {http://dx.doi.org/10.1145/2371656.2371660},
}

@InProceedings{BlancaSinclair:Meanfield,
  author =	{Antonio Blanca and Alistair Sinclair},
  title =	{{Dynamics for the Mean-field Random-cluster Model}},
  booktitle = {RANDOM},
  pages =	{528--543},
  publisher =	{Schloss Dagstuhl--Leibniz-Zentrum fuer Informatik},  
  year =	{2015},
  doi =		{http://dx.doi.org/10.4230/LIPIcs.APPROX-RANDOM.2015.528},
}

@inproceedings{GalanisSV:SwendsenWang,
  author    = {Andreas Galanis and Daniel {\v{S}}tefankovi\v{c} and Eric Vigoda},
  title     = {Swendsen-{W}ang Algorithm on the Mean-Field {P}otts Model},
  booktitle = {RANDOM},
  pages     = {815--828},
  year      = {2015},
  crossref  = {DBLP:conf/approx/2015},
  doi       = {http://dx.doi.org/10.4230/LIPIcs.APPROX-RANDOM.2015.815},
}

@article{LongNNY:SwendsenWang,
  author    = {Yun Long and Asaf Nachmias and Weiyang Ning and Yuval Peres},
  title     = {A Power Law of Order $1/4$ for Critical Mean Field {S}wendsen-{W}ang Dynamics},
  journal   = {Memoirs of the AMS},
  volume    = {232},
  number    = {1092},
  year      = {2014},
}

@Article{BlancaSinclair:Z2,
  author="Blanca, Antonio and Sinclair, Alistair",
  title="Random-cluster dynamics in $\mathbb{Z}^2$",
  journal="Probab.\ Theory Related Fields",
  year="2016",
  note = {DOI: \href{https://doi.org/10.1007/s00440-016-0725-1}{10.1007/s00440-016-0725-1}},
}


@book{Grimmett:book,
  title={The random-cluster model},
  author={Grimmett, Geoffrey},
  year={2006},
  publisher={Springer}
}

@article{SwendsenWang,
  title = {Nonuniversal critical dynamics in {M}onte {C}arlo simulations},
  author = {Swendsen, Robert and Wang, Jian-Sheng},
  journal = {Phys. Rev. Lett.},
  volume = {58},
  issue = {2},
  pages = {86--88},
  numpages = {0},
  year = {1987},
  month = {Jan},
  publisher = {American Physical Society},
  doi = {10.1103/PhysRevLett.58.86},
  url = {http://link.aps.org/doi/10.1103/PhysRevLett.58.86}
}

@article {PW13,
AUTHOR = {Peres, Yuval and Winkler, Peter},
TITLE = {Can extra updates delay mixing?},
JOURNAL = {Comm. Math. Phys.},
VOLUME = {323},
YEAR = {2013},
NUMBER = {3},
PAGES = {1007--1016},
}

@Article{Holroyd11,
author={Holroyd, Alexander E.},
title={Some Circumstances Where Extra Updates Can Delay Mixing},
journal={J. Stat. Phys.},
year="2011",
volume="145",
number="6",
pages="1649--1652",
}

@inproceedings{HDMR16,
  author    = {Bryan D. He and
               Christopher {De Sa} and
               Ioannis Mitliagkas and
               Christopher R{\'{e}}},
  title     = {Scan Order in {G}ibbs Sampling: Models in Which it Matters and Bounds
               on How Much},
  booktitle = {NIPS},
  pages     = {1--9},
  year      = {2016},
}

@article{RR15,
	author = {Gareth O. Roberts and Jeffrey S. Rosenthal},
	title = {Surprising Convergence Properties of Some Simple {G}ibbs Samplers under Various Scans},
	journal = {Int. J. Stat. Probab.},
	volume = {5},
	number = {1},
	year = {2015},
}

@article{DGJ08,
  author    = {Martin E. Dyer and
               Leslie Ann Goldberg and
               Mark Jerrum},
  title     = {Dobrushin Conditions and Systematic Scan},
  journal   = {Combin. Probab. Comput.},
  volume    = {17},
  number    = {6},
  pages     = {761--779},
  year      = {2008},
}

@article{DGJ06,
  author    = {Martin E. Dyer and
               Leslie Ann Goldberg and
               Mark Jerrum},
  title     = {Systematic scan for sampling colourings},
  journal   = {Ann. Appl. Probab.},
  volume    = {16},
  number    = {1},
  pages     = {185-230},
  year      = {2006},
}

@inproceedings{BD97,
  author    = {Russ Bubley and
               Martin E. Dyer},
  title     = {Path Coupling: {A} Technique for Proving Rapid Mixing in {M}arkov Chains},
  booktitle = {FOCS},
  pages     = {223--231},
  year      = {1997},
}

@inproceedings{Tosh16,
  author    = {Christopher Tosh},
  title     = {Mixing Rates for the Alternating {G}ibbs Sampler over Restricted {B}oltzmann
               Machines and Friends},
  booktitle = {ICML},
  pages     = {840--849},
  year      = {2016},
}

@inproceedings{RR12,
  author    = {Benjamin Recht and
               Christopher R{\'{e}}},
  title     = {Toward a Noncommutative Arithmetic-geometric Mean Inequality: Conjectures,
               Case-studies, and Consequences},
  booktitle = {COLT},
  pages     = {11.1--11.24},
  year      = {2012},
}

@article{GOP17,
        author  = {Mert G\"urb\"uzbalaban, Asu Ozdaglar, and Pablo Parrilo},
        title   = {Convergence rate of incremental aggregated gradient algorithms},
        journal = {SIAM J.~Optimiz.},
        year    = {2017},
        note    = {\textit{To appear}},
}

@article{DR00,
author = "Diaconis, Persi and Ram, Arun",
journal = "Michigan Math. J.",
number = "1",
pages = "157--190",
publisher = "University of Michigan, Department of Mathematics",
title = "Analysis of systematic scan {M}etropolis algorithms using {I}wahori-{H}ecke algebra techniques.",
url = "http://dx.doi.org/10.1307/mmj/1030132713",
volume = "48",
year = "2000"
}

@inproceedings{Hayes06,
  author    = {Thomas P. Hayes},
  title     = {A simple condition implying rapid mixing of single-site dynamics on spin systems},
  booktitle = {FOCS},
  pages     = {39--46},
  year      = {2006},
}

@article{Dobrushin70,
        author = {Dobrushin, R. L.},
        title  = {Prescribing a system of random variables by conditional distributions},
        year   = {1970},
        journal = {Theory Probab. Appl.},
        issue  = {15},
        number = {3},
        pages  = {458--486},
}

@article{Fill91,
        author = {James A. Fill},
        title  = {Eigenvalue bounds on convergence to stationary for nonreversible {M}arkov chains, with an application to the exclusion process},
        year   = {1991},
        journal = {Ann. Appl. Probab.},
        volume  = {1},
        number = {1},
        pages  = {62-87},
}

@article{MS13,
  author    = {Elchanan Mossel and Allan Sly},
  title     = {Exact thresholds for {I}sing-{G}ibbs samplers on general graphs},
  journal   = {Ann. Probab.},
  year      = {2013},
  volume    = {41},
  number    = {1},
  pages     = {294-328},
}

@article{LS88,
 author = {Gregory F. Lawler and Alan D. Sokal},
 journal = {Trans. Amer. Math. Soc.},
 number = {2},
 pages = {557-580},
 publisher = {American Mathematical Society},
 title = {Bounds on the $L^2$ Spectrum for {M}arkov Chains and Markov Processes: A Generalization of {C}heeger's Inequality},
 volume = {309},
 year = {1988}
}

@inproceedings{HKS15,
  author    = {Daniel J. Hsu and
               Aryeh Kontorovich and
               Csaba Szepesv{\'{a}}ri},
  title     = {Mixing Time Estimation in Reversible {M}arkov Chains from a Single Sample Path},
  booktitle = {NIPS},
  pages     = {1459--1467},
  year      = {2015},
}

@inproceedings{BBM11,
  author    = {Nayantara Bhatnagar and
               Andrej Bogdanov and
               Elchanan Mossel},
  title     = {The Computational Complexity of Estimating {MCMC} Convergence Time},
  booktitle = {RANDOM},
  pages     = {424--435},
  year      = {2011},
}

%%%%%

@InProceedings{Salakhutdinov:2009:AISTATS,
  title =    {Deep Boltzmann Machines},
  author =   {Ruslan Salakhutdinov and Geoffrey Hinton},
  booktitle =    {AISTATS},
  pages =    {448--455},
  year =   {2009},
}

@article{Blei:2003:JMLR,
 author = {Blei, David M. and Ng, Andrew Y. and Jordan, Michael I.},
 title = {Latent Dirichlet Allocation},
 journal = {J. Mach. Learn. Res.},
 year = {2003},
 pages = {993--1022},
} 


@article{Smolensky:1986:IPD,
 author = {Smolensky, P.},
 journal = {Information Processing in Dynamical Systems: Foundations of Harmony Theory},
 title = {Parallel Distributed Processing: Explorations in the Microstructure of Cognition},
 year = {1986},
 pages = {194--281},
} 

@book{Li:2009:Book,
 author = {Li, Stan Z.},
 title = {Markov Random Field Modeling in Image Analysis},
 year = {2009},
} 

@inproceedings{Lafferty:2001:ICML,
  author    = {John D. Lafferty and Andrew McCallum and Fernando C. N. Pereira  },
  title     = {Conditional Random Fields: Probabilistic Models for Segmenting and Labeling Sequence Data},
  booktitle = {ICML},
  pages     = {282--289},
  year      = {2001},
}


@article{Luo16,
  author    = {Gang Luo},
  title     = {A review of automatic selection methods for machine learning algorithms
               and hyper-parameter values},
  journal   = {NetMAHIB},
  volume    = {5},
  number    = {1},
  pages     = {18},
  year      = {2016},
}

@inproceedings{SparksTHFJK15,
  author    = {Evan R. Sparks and
               Ameet Talwalkar and
               Daniel Haas and
               Michael J. Franklin and
               Michael I. Jordan and
               Tim Kraska},
  title     = {Automating model search for large scale machine learning},
  booktitle = {{SoCC}},
  pages     = {368--380},
  year      = {2015}
}

@Article{Robbins:1952,
  author =       "Robbins, Herbert",
  title =        "Some aspects of the sequential design of experiments",
  journal =      "Bulletin of the American Mathematical Society",
  year =         "1952",
  volume =    "58",
  number =    "5",
  pages =     "527--535"
}

@article{Lai:1985,
 author = {Lai, T.L and Robbins, Herbert},
 title = {Asymptotically Efficient Adaptive Allocation Rules},
 journal = {Adv. Appl. Math.},
 volume = {6},
 number = {1},
 year = {1985},
 pages = {4--22}
}

@inbook{Agrawal1995,
    author = {Agrawal, Rajeev},
    booktitle = {Advances in Applied Probability},
    pages = {1054--1078},
    publisher = {Applied Probability Trust},
    title = {{Sample mean based index policies with O(log n) regret for the multi-armed bandit problem.}},
    volume = {27},
    year = {1995}
}

@article{Auer02,
  author    = {Peter Auer},
  title     = {Using Confidence Bounds for Exploitation-Exploration Trade-offs},
  journal   = {Journal of Machine Learning Research},
  volume    = {3},
  pages     = {397--422},
  year      = {2002}
}

@article{Auer:2002,
 author = {Auer, Peter and Cesa-Bianchi, Nicol\`{o} and Fischer, Paul},
 title = {Finite-time Analysis of the Multiarmed Bandit Problem},
 journal = {Mach. Learn.},
 volume = {47},
 number = {2-3},
 year = {2002}
}

@inproceedings{SrinivasKKS10,
  author    = {Niranjan Srinivas and
               Andreas Krause and
               Sham Kakade and
               Matthias W. Seeger},
  title     = {Gaussian Process Optimization in the Bandit Setting: No Regret and
               Experimental Design},
  booktitle = {ICML},
  pages     = {1015--1022},
  year      = {2010}
}

@article{Kushner1964,
    author = {Kushner, H. J.},
    journal = {Journal of Basic Engineering},
    number = {1},
    title = {{A New Method of Locating the Maximum Point of an Arbitrary Multipeak Curve in the Presence of Noise}},
    volume = {86},
    year = {1964}
}

@inproceedings{SnoekLA12,
  author    = {Jasper Snoek and
               Hugo Larochelle and
               Ryan P. Adams},
  title     = {Practical Bayesian Optimization of Machine Learning Algorithms},
  pages     = {2960--2968},
  year      = {2012}
}

@inproceedings{ChapelleL11,
  author    = {Olivier Chapelle and Lihong Li},
  title     = {An Empirical Evaluation of Thompson Sampling},
  booktitle = {{NIPS}},
  pages     = {2249--2257},
  year      = {2011}
}

@inproceedings{KaufmannKM12,
  author    = {Emilie Kaufmann and
               Nathaniel Korda and
               R{\'{e}}mi Munos},
  title     = {Thompson Sampling: An Asymptotically Optimal Finite-Time Analysis},
  booktitle = {{ALT}},
  pages     = {199--213},
  year      = {2012}
}

@article{Scott:2010,
 author = {Scott, Steven L.},
 title = {A Modern Bayesian Look at the Multi-armed Bandit},
 journal = {Appl. Stoch. Model. Bus. Ind.},
 volume = {26},
 number = {6},
 year = {2010},
 pages = {639--658}
} 

@misc{Lichman:2013,
author = "M. Lichman",
year = "2013",
title = "{UCI} Machine Learning Repository",
url = "http://archive.ics.uci.edu/ml",
institution = "University of California, Irvine, School of Information and Computer Sciences"
}

@article{DelgadoCBA14,
  author    = {Manuel Fern{\'{a}}ndez Delgado and
               Eva Cernadas and
               Sen{\'{e}}n Barro and
               Dinani Gomes Amorim},
  title     = {Do we need hundreds of classifiers to solve real world classification
               problems?},
  journal   = {Journal of Machine Learning Research},
  volume    = {15},
  number    = {1},
  pages     = {3133--3181},
  year      = {2014}
}


